@article{forivsektheoretical,
  title={Theoretical and Practical Aspects of Programming Contest Ratings},
  author={Fori{\v{s}}ek, RNDr Michal},
  year={2009}
}

@misc{Codeforces,
  title = {Open Codeforces Rating System},
  url = {codeforces.com/blog/entry/20762},
}

@misc{CFResults,
  title = {Codeforces: Results of 2019},
  url = {codeforces.com/blog/entry/73683},
}

@misc{Topcoder,
  title = {Topcoder Algorithm Competition Rating System},
  url = {topcoder.com/community/competitive-programming/how-to-compete/ratings},
}

@misc{Kaggle,
  title = {Kaggle Progression System},
  url = {kaggle.com/progression},
}

@misc{KaggleMilestone,
  title = {Kaggle milestone: 5 million registered users!},
  url = {kaggle.com/general/164795},
}

@misc{LeetCode,
title = {LeetCode New Contest Rating Algorithm},
url = {leetcode.com/discuss/general-discussion/468851/New-Contest-Rating-Algorithm-(Coming-Soon)}
}

@misc{CodeChef,
title = {CodeChef Rating Mechanism},
url = {codechef.com/ratings}
}

@misc{Halo,
title = {Halo Xbox video game franchise: in numbers},
url = {telegraph.co.uk/technology/video-games/11223730/Halo-in-numbers.html},
}

@misc{Spartan,
title = {Why Are Obstacle-Course Races So Popular?},
url = {theatlantic.com/health/archive/2018/07/why-are-obstacle-course-races-so-popular/565130/}
}

@article{DanceSport,
  title={Reliability of judging in DanceSport},
  author={Premel{\v{c}}, Jerneja and Vu{\v{c}}kovi{\'c}, Goran and James, Nic and Lesko{\v{s}}ek, Bojan},
  journal={Front. Psychol.},
  pages={1001},
  year={2019},
}

@article{G99,
  title={Parameter estimation in large dynamic paired comparison experiments},
  author={Glickman, Mark E},
  journal={Applied Statistics},
  pages={377--394},
  year={1999},
}

@inproceedings{AL09,
  author    = {Sharad Agarwal and
               Jacob R. Lorch},
  title     = {Matchmaking for online games and other latency-sensitive {P2P} systems},
  booktitle = {{SIGCOMM} 2009},
  pages     = {315--326},
  year      = {2009},
}

@misc{pokemongo,
  title  = {{Farming Volatility: How a major flaw in a well-known rating system takes over the GBL leaderboard}},
  author = "",
  url    = "reddit.com/r/TheSilphRoad/comments/hwff2d/farming_volatility_how_a_major_flaw_in_a/",
}

@article{G95,
  title={A comprehensive guide to chess ratings},
  author={Glickman, Mark E},
  journal={American Chess Journal},
  pages={59--102},
  year={1995}
}

@article{E61,
  title={New USCF rating system},
  author={Elo, Arpad E.},
  journal={Chess Life},
  pages={160--161},
  year={1961}
}

@article{G12,
  title={Example of the Glicko-2 system},
  author={Glickman, Mark E},
  journal={Boston University},
  pages={1--6},
  year={2012}
}

@inproceedings{C08,
  author    = {R{\'{e}}mi Coulom},
  title     = {Whole-History Rating: {A} Bayesian Rating System for Players of Time-Varying
               Strength},
  booktitle = {{CG} 2008.},
  pages     = {113--124},
  year      = {2008},
}

@article{K20,
	title = {Extension of the {Elo} rating system to margin of victory},
	issn = {0169-2070},
	language = {en},
	urldate = {2020-08-02},
	journal = {Int. J. Forecast.},
	author = {Kovalchik, Stephanie},
	year = {2020},
	keywords = {Paired comparison, Ranking systems, Sports forecasting, State space model, Time series},
}

@inproceedings{HMG06,
  author    = {Ralf Herbrich and
               Tom Minka and
               Thore Graepel},
  title     = {TrueSkill\({}^{\mbox{TM}}\): {A} Bayesian Skill Rating System},
  booktitle = {{NeurIPS} 2006},
  pages     = {569--576},
  year      = {2006},
}

@inproceedings{NS10,
	title = {Extensions of the {TrueSkill} {TM} rating system},
    booktitle = {In {Proceedings} of the 9th {International} {Conference} on {Applications} of {Fuzzy} {Systems} and {Soft} {Computing}},
	author = {Nikolenko, Sergey I. and {Alexander} and Sirotkin, V.},
	year = {2010},
	pages = {151--160},
}

@inproceedings{DHMG07,
  author    = {Pierre Dangauthier and
               Ralf Herbrich and
               Tom Minka and
               Thore Graepel},
  title     = {TrueSkill Through Time: Revisiting the History of Chess},
  booktitle = {{NeurIPS} 2007},
  pages     = {337--344},
  year      = {2007},
  timestamp = {Fri, 06 Mar 2020 17:00:30 +0100},
}

@inproceedings{WHR,
  title={Whole-history rating: A Bayesian rating system for players of time-varying strength},
  author={Coulom, R{\'e}mi},
  booktitle={{CG} 2008},
  pages={113--124},
  organization={Springer}
}

@techreport{MCZ18,
author = {Minka, Tom and Cleven, Ryan and Zaykov, Yordan},
title = {{TrueSkill} 2: {An} improved {Bayesian} skill rating system},
institution = {Microsoft},
year = {2018},
month = {March},
number = {MSR-TR-2018-8},
}

@article{F63,
  title={On the asymptotic behavior of Bayes' estimates in the discrete case},
  author={Freedman, David A},
  journal={The Annals of Mathematical Statistics},
  pages={1386--1403},
  year={1963},
}

@misc{stone2017rayon,
  title={The Rayon library (Rust Crate)},
  author={Stone, Josh and Matsakis, Nicholas D},
  year={2017},
  url={crates.io/crates/rayon}
}

@article{KFL01,
  author    = {Frank R. Kschischang and
               Brendan J. Frey and
               Hans{-}Andrea Loeliger},
  title     = {Factor graphs and the sum-product algorithm},
  journal   = {{IEEE} Trans. Inf. Theory},
  pages     = {498--519},
  year      = {2001},
}

@article{Y14,
	title = {Forecasting sales of new virtual goods with the {Elo} rating system},
	journal = {RPM},
	author = {Yang, Lin and Dimitrov, Stanko and Mantin, Benny},
	year = {2014},
	pages = {457--469}
}

@article{concave,
  title={Log-concave probability distributions: Theory and statistical testing},
  author={An, Mark Yuying},
  year={1997}
}

@inproceedings{HLW06,
  author    = {Tzu{-}Kuo Huang and
               Chih{-}Jen Lin and
               Ruby C. Weng},
  title     = {Ranking individuals by group comparisons},
  booktitle = {ICML 2006},
  pages     = {425--432},
  year      = {2006}
}

@article{WL11,
  author    = {Ruby C. Weng and
               Chih{-}Jen Lin},
  title     = {A Bayesian Approximation Method for Online Ranking},
  journal   = {J. Mach. Learn. Res.},
  pages     = {267--300},
  year      = {2011}
}

@inproceedings{CJ16,
  author    = {Shuo Chen and
               Thorsten Joachims},
  title     = {Modeling Intransitivity in Matchup and Comparison Data},
  booktitle = {{WSDM} 2016},
  pages     = {227--236},
  year      = {2016},
}

@inproceedings{LCFHH18,
  author    = {Yao Li and
               Minhao Cheng and
               Kevin Fujii and
               Fushing Hsieh and
               Cho{-}Jui Hsieh},
  title     = {Learning from Group Comparisons: Exploiting Higher Order Interactions},
  booktitle = {{NeurIPS} 2018},
  pages     = {4986--4995},
  year      = {2018},
}

@inproceedings{GFYLWTFC20,
  author    = {Linxia Gong and
               Xiaochuan Feng and
               Dezhi Ye and
               Hao Li and
               Runze Wu and
               Jianrong Tao and
               Changjie Fan and
               Peng Cui},
  title     = {OptMatch: Optimized Matchmaking via Modeling the High-Order Interactions
               on the Arena},
  booktitle = {{KDD} 2020},
  pages     = {2300--2310},
  year      = {2020},
}

@book{Winn19,
  title={Model-based machine learning},
  author={Winn, John Michael},
  year={2019},
}

@article{BT52,
  title={Rank analysis of incomplete block designs: I. The method of paired comparisons},
  author={Bradley, Ralph Allan and Terry, Milton E},
  journal={Biometrika},
  pages={324--345},
  year={1952},
  publisher={JSTOR}
}

@misc{InferNET18,
author = "Minka, T. and Winn, J.M. and Guiver, J.P. and Zaykov, Y. and Fabian, D. and Bronskill, J.",
title = {/{Infer.NET 0.3}},
year = 2018,
note = {Microsoft Research Cambridge. http://dotnet.github.io/infer}
}